@BOOK{lab_script,
  title = {Computational Image Processing: A Deep Galaxy Survey},
  publisher = {Imperial College London},
  year = {2013},
  author = {Dr. D.L. Clements  and N. Skrzypek},
}

